@InProceedings{bib:CDAGdefinition,
author="Bilardi, Gianfranco
and Peserico, Enoch",
editor="Orejas, Fernando
and Spirakis, Paul G.
and van Leeuwen, Jan",
title="A Characterization of Temporal Locality and Its Portability across 
Memory Hierarchies",
booktitle="Automata, Languages and Programming",
year="2001",
publisher="Springer Berlin Heidelberg",
address="Berlin, Heidelberg",
pages="128--139",
abstract="This paper formulates and investigates the question of whether a 
given algorithm can be coded in a way efficiently portable across machines with 
different hierarchical memory systems, modeled as a(x)-HRAMs (Hierarchical 
RAMs), where the time to access a location x is a(x).",
isbn="978-3-540-48224-6"
}
