@InProceedings{bib:CDAGdefinition,
	author="Bilardi, Gianfranco
	and Peserico, Enoch",
	editor="Orejas, Fernando
	and Spirakis, Paul G.
	and van Leeuwen, Jan",
	title="A Characterization of Temporal Locality and Its Portability across 
	Memory Hierarchies",
	booktitle="Automata, Languages and Programming",
	year="2001",
	OPTpublisher="Springer Berlin Heidelberg",
	OPTaddress="Berlin, Heidelberg",
	pages="128--139",
	OPTabstract="This paper formulates and investigates the question of whether 
	a 
	given algorithm can be coded in a way efficiently portable across machines 
	with 
	different hierarchical memory systems, modeled as a(x)-HRAMs (Hierarchical 
	RAMs), where the time to access a location x is a(x).",
	isbn="978-3-540-48224-6",
}


@misc{GCC:GIMPLE,
	title = {{GIMPLE IR}},
	author = {{GNU/GCC}},
	howpublished = 
	{\url{https://gcc.gnu.org/onlinedocs/gccint/GIMPLE.html}},
	note = {Accessed: 11-11-2020}
}

@INPROCEEDINGS{bib:LLVM,
	author={C. {Lattner} and V. {Adve}},
	booktitle={Proceedings of the International Symposium on Code Generation 
	and Optimization (CGO)}, 
	title={{LLVM: a compilation framework for lifelong program analysis   
	transformation}}, 
	year={2004},
	OPTvolume={},
	OPTnumber={},
	pages={75--86},
}

@InProceedings{bib:uops,
	title = {uops.info: Characterizing Latency, Throughput, and Port Usage of 
	Instructions on Intel Microarchitectures},
	acmid = {3304062},
	OPTaddress = {New York, NY, USA},
	author = {Abel, Andreas and Reineke, Jan},
	booktitle = {ASPLOS},
	doi = {10.1145/3297858.3304062},
	isbn = {978-1-4503-6240-5},
	location = {Providence, RI, USA},
	numpages = {14},
	pages = {673--686},
	OPTpublisher = {ACM},
	OPTseries = {ASPLOS '19},
	year = {2019},
	url = {http://doi.acm.org/10.1145/3297858.3304062}
}
